@article{Reif1997347,
title = "Dynamic transitive closure via dynamic matrix inverse: extended abstract",
journal = "Foundations of Computer Science, 2004. Proceedings. 45th Annual IEEE Symposium on ",
volume = "22",
number = "2",
pages = "509 - 517",
year = "2004",
note = "",
issn = "0272-5428",
url = "http://ieeexplore.ieee.org/xpl/articleDetails.jsp?arnumber=1366271",
author = "Sankowski, P."
}

@article{lecnotes,
title = "Dynamic Matrix Algorithms",
journal = "Lecture notes, DynAlg couse 2015 ",
year = "2011",
note = "",
author = "Frandsen, Gudmund Skovbjerg"
}

@book{clrs,
  author = "T.~H. Cormen and C.~E. Leiserson and R.~L. Rivest and C.~Stein",
  edition = "3rd",
  publisher = "The MIT Press",
  title = "Introduction to Algorithms",
  year = "2009",
  isbn = "978-0-262-03384-8"
}